% Encoding: UTF-8

@Article{Frazelle2021,
  author       = {Frazelle, Jessie},
  date         = {2021-10},
  journaltitle = {Queue},
  title        = {Chip Measuring Contest: The benefits of purpose-built chips},
  issue        = {5},
  url          = {https://dl.acm.org/doi/abs/10.1145/3494834.3501254},
  volume       = {19},
}

@Article{Dalakoti2022,
  author       = {Dalakoti, Vaibhav and Chakraborty, Diptamon},
  date         = {2022-05},
  journaltitle = {EPRA International Journal of Research and Development (IJRD)},
  title        = {APPLE M1 CHIP VSINTEL (X86)},
  issue        = {5},
  url          = {http://www.eprajournals.net/index.php/IJRD/article/view/460},
  volume       = {7},
}

@Article{Apple2020,
  author = {Apple},
  date   = {2020-11-10},
  title  = {Apple unleashes M1},
  url    = {https://www.apple.com/newsroom/2020/11/apple-unleashes-m1/},
}

@Manual{ARM2014,
  author = {ARM},
  date   = {2014-01-22},
  title  = {ARM Cortex-A Series Programmer's Guide},
  url    = {https://developer.arm.com/documentation/den0013/d/?lang=en},
}

@Article{Sumukh2021,
  author = {Sumukh, Rao},
  date   = {2021-06-05},
  title  = {Apple Silicon Mac vs Intel Mac: Which Mac should you buy?},
  url    = {https://www.xda-developers.com/apple-silicon-mac-vs-intel-mac/#:~:text=Apple M1 chip is Newer and Faster&text=Compared to the Intel chip,M1 is a better option.},
}

@Comment{jabref-meta: databaseType:biblatex;}
